@article{schwartz1980fast,
  title={Fast probabilistic algorithms for verification of polynomial identities},
  author={Schwartz, Jacob T},
  journal={Journal of the ACM (JACM)},
  volume={27},
  number={4},
  pages={701--717},
  year={1980},
  publisher={ACM New York, NY, USA}
}

@inproceedings{zippel1979probabilistic,
  title={Probabilistic algorithms for sparse polynomials},
  author={Zippel, Richard},
  booktitle={International symposium on symbolic and algebraic manipulation},
  pages={216--226},
  year={1979},
  organization={Springer}
}

@article{agrawal2004primes,
  title={PRIMES is in P},
  author={Agrawal, Manindra and Kayal, Neeraj and Saxena, Nitin},
  journal={Annals of mathematics},
  pages={781--793},
  year={2004},
  publisher={JSTOR}
}

@article{bloom1970space,
  title={Space/time trade-offs in hash coding with allowable errors},
  author={Bloom, Burton H},
  journal={Communications of the ACM},
  volume={13},
  number={7},
  pages={422--426},
  year={1970},
  publisher={ACM New York, NY, USA}
}

@inproceedings{carter1977universal,
  title={Universal classes of hash functions},
  author={Carter, J Lawrence and Wegman, Mark N},
  booktitle={Proceedings of the ninth annual ACM symposium on Theory of computing},
  pages={106--112},
  year={1977}
}

@inproceedings{kabanets2003derandomizing,
  title={Derandomizing polynomial identity tests means proving circuit lower bounds},
  author={Kabanets, Valentine and Impagliazzo, Russell},
  booktitle={Proceedings of the thirty-fifth annual ACM symposium on Theory of computing},
  pages={355--364},
  year={2003}
}

@inproceedings{klivans2001randomness,
  author    = {Adam R. Klivans and Daniel A. Spielman},
  title     = {Randomness-efficient identity testing of multivariate polynomials},
  booktitle = {Proceedings of the 33rd Annual ACM Symposium on Theory of Computing (STOC)},
  year      = {2001},
  pages     = {216--223}
}
